@Manual{R-base,
  title = {R: A Language and Environment for Statistical Computing},
  author = {{R Core Team}},
  organization = {R Foundation for Statistical Computing},
  address = {Vienna, Austria},
  year = {2016},
  url = {https://www.R-project.org/},
}
@Manual{R-bookdown,
  title = {bookdown: Authoring Books and Technical Documents with R Markdown},
  author = {Yihui Xie},
  year = {2016},
  note = {R package version 0.3},
  url = {https://CRAN.R-project.org/package=bookdown},
}
@Manual{R-devtools,
  title = {devtools: Tools to Make Developing R Packages Easier},
  author = {Hadley Wickham and Winston Chang},
  year = {2016},
  note = {R package version 1.12.0},
  url = {https://CRAN.R-project.org/package=devtools},
}
@Manual{R-dplyr,
  title = {dplyr: A Grammar of Data Manipulation},
  author = {Hadley Wickham and Romain Francois},
  year = {2016},
  note = {R package version 0.5.0},
  url = {https://CRAN.R-project.org/package=dplyr},
}
@Manual{R-DT,
  title = {DT: A Wrapper of the JavaScript Library 'DataTables'},
  author = {Yihui Xie},
  year = {2016},
  note = {R package version 0.2},
  url = {https://CRAN.R-project.org/package=DT},
}
@Manual{R-fractal,
  title = {fractal: Fractal Time Series Modeling and Analysis},
  author = {William Constantine and Donald Percival},
  year = {2016},
  note = {R package version 2.0-1},
  url = {https://CRAN.R-project.org/package=fractal},
}
@Manual{R-htmlTable,
  title = {htmlTable: Advanced Tables for Markdown/HTML},
  author = {Max Gordon},
  year = {2016},
  note = {R package version 1.7},
  url = {https://CRAN.R-project.org/package=htmlTable},
}
@Manual{R-htmlwidgets,
  title = {htmlwidgets: HTML Widgets for R},
  author = {Ramnath Vaidyanathan and Yihui Xie and JJ Allaire and Joe Cheng and Kenton Russell},
  year = {2016},
  note = {R package version 0.8},
  url = {https://CRAN.R-project.org/package=htmlwidgets},
}
@Manual{R-ifultools,
  title = {ifultools: Insightful Research Tools},
  author = {William Constantine},
  year = {2016},
  note = {R package version 2.0-4},
  url = {https://CRAN.R-project.org/package=ifultools},
}
@Manual{R-knitr,
  title = {knitr: A General-Purpose Package for Dynamic Report Generation in R},
  author = {Yihui Xie},
  year = {2016},
  note = {R package version 1.15.1},
  url = {https://CRAN.R-project.org/package=knitr},
}
@Manual{R-lattice,
  title = {lattice: Trellis Graphics for R},
  author = {Deepayan Sarkar},
  year = {2016},
  note = {R package version 0.20-34},
  url = {https://CRAN.R-project.org/package=lattice},
}
@Manual{R-latticeExtra,
  title = {latticeExtra: Extra Graphical Utilities Based on Lattice},
  author = {Deepayan Sarkar and Felix Andrews},
  year = {2016},
  note = {R package version 0.6-28},
  url = {https://CRAN.R-project.org/package=latticeExtra},
}
@Manual{R-lubridate,
  title = {lubridate: Make Dealing with Dates a Little Easier},
  author = {Garrett Grolemund and Vitalie Spinu and Hadley Wickham},
  year = {2016},
  note = {R package version 1.6.0},
  url = {https://CRAN.R-project.org/package=lubridate},
}
@Manual{R-minpack.lm,
  title = {minpack.lm: R Interface to the Levenberg-Marquardt Nonlinear Least-Squares
Algorithm Found in MINPACK, Plus Support for Bounds},
  author = {Timur V. Elzhov and Katharine M. Mullen and Andrej-Nikolai Spiess and Ben Bolker},
  year = {2016},
  note = {R package version 1.2-1},
  url = {https://CRAN.R-project.org/package=minpack.lm},
}
@Manual{R-plyr,
  title = {plyr: Tools for Splitting, Applying and Combining Data},
  author = {Hadley Wickham},
  year = {2016},
  note = {R package version 1.8.4},
  url = {https://CRAN.R-project.org/package=plyr},
}
@Manual{R-png,
  title = {png: Read and write PNG images},
  author = {Simon Urbanek},
  year = {2013},
  note = {R package version 0.1-7},
  url = {https://CRAN.R-project.org/package=png},
}
@Manual{R-pracma,
  title = {pracma: Practical Numerical Math Functions},
  author = {Hans Werner Borchers},
  year = {2016},
  note = {R package version 1.9.5},
  url = {https://CRAN.R-project.org/package=pracma},
}
@Manual{R-RColorBrewer,
  title = {RColorBrewer: ColorBrewer Palettes},
  author = {Erich Neuwirth},
  year = {2014},
  note = {R package version 1.1-2},
  url = {https://CRAN.R-project.org/package=RColorBrewer},
}
@Manual{R-readxl,
  title = {readxl: Read Excel Files},
  author = {Hadley Wickham},
  year = {2016},
  note = {R package version 0.1.1},
  url = {https://CRAN.R-project.org/package=readxl},
}
@Manual{R-rio,
  title = {rio: A Swiss-Army Knife for Data I/O},
  author = {Chung-hong Chan and Thomas J. Leeper},
  year = {2016},
  note = {R package version 0.4.16},
  url = {https://CRAN.R-project.org/package=rio},
}
@Manual{R-rmarkdown,
  title = {rmarkdown: Dynamic Documents for R},
  author = {JJ Allaire and Joe Cheng and Yihui Xie and Jonathan McPherson and Winston Chang and Jeff Allen and Hadley Wickham and Aron Atkins and Rob Hyndman},
  year = {2016},
  note = {R package version 1.2},
  url = {https://CRAN.R-project.org/package=rmarkdown},
}
@Manual{R-sapa,
  title = {sapa: Spectral Analysis for Physical Applications},
  author = {William Constantine and Donald Percival},
  year = {2016},
  note = {R package version 2.0-2},
  url = {https://CRAN.R-project.org/package=sapa},
}
@Manual{R-shiny,
  title = {shiny: Web Application Framework for R},
  author = {Winston Chang and Joe Cheng and JJ Allaire and Yihui Xie and Jonathan McPherson},
  year = {2016},
  note = {R package version 0.14.2},
  url = {https://CRAN.R-project.org/package=shiny},
}
@Manual{R-signal,
  title = {signal: Signal Processing},
  author = {Uwe Ligges and Tom Short and Paul Kienzle},
  year = {2015},
  note = {R package version 0.7-6},
  url = {https://CRAN.R-project.org/package=signal},
}
@Manual{R-splus2R,
  title = {splus2R: Supplemental S-PLUS Functionality in R},
  author = {William Constantine and Tim Hesterberg and Knut Wittkowski and Tingting Song and Stephen Kaluzny},
  year = {2016},
  note = {R package version 1.2-2},
  url = {https://CRAN.R-project.org/package=splus2R},
}
@Manual{R-tidyr,
  title = {tidyr: Easily Tidy Data with `spread()` and `gather()` Functions},
  author = {Hadley Wickham},
  year = {2016},
  note = {R package version 0.6.0},
  url = {https://CRAN.R-project.org/package=tidyr},
}
