%% This BibTeX bibliography file was created using BibDesk.
%% http://bibdesk.sourceforge.net/

%% Created for Fred Hasselman at 2016-09-19 22:54:35 +0200 


%% Saved with string encoding Unicode (UTF-8) 



@article{fanelli2010,
	Author = {Fanelli, Daniele},
	Date-Added = {2016-09-19 20:54:27 +0000},
	Date-Modified = {2016-09-19 20:54:27 +0000},
	Journal = {PloS one},
	Number = {4},
	Pages = {e10068},
	Publisher = {Public Library of Science},
	Title = {``Positive'' results increase down the hierarchy of the sciences},
	Volume = {5},
	Year = {2010}}

@article{worrall1989,
	Author = {Worrall, John},
	Date-Added = {2016-09-07 23:23:32 +0000},
	Date-Modified = {2016-09-12 22:01:30 +0000},
	Journal = {Dialectica},
	Number = {1-2},
	Pages = {99--124},
	Publisher = {Wiley Online Library},
	Title = {Structural realism: the best of both worlds?},
	Volume = {43},
	Year = {1989}}

@article{ainsworth2010,
	Author = {Ainsworth, Peter Mark},
	Date-Added = {2016-09-07 23:21:01 +0000},
	Date-Modified = {2016-09-07 23:21:01 +0000},
	Journal = {Studies in History and Philosophy of Science Part B: Studies in History and Philosophy of Modern Physics},
	Number = {1},
	Pages = {50--57},
	Publisher = {Elsevier},
	Title = {What is ontic structural realism?},
	Volume = {41},
	Year = {2010}}

@article{french2003,
	Author = {French, Steven and Ladyman, James},
	Date-Added = {2016-09-07 23:21:01 +0000},
	Date-Modified = {2016-09-07 23:21:01 +0000},
	Journal = {Synthese},
	Number = {1},
	Pages = {31--56},
	Publisher = {Springer},
	Title = {Remodelling structural realism: Quantum physics and the metaphysics of structure},
	Volume = {136},
	Year = {2003}}

@book{Groot:1994aa,
	Address = {Assen},
	Author = {A D Groot},
	Date-Added = {2016-09-07 23:21:01 +0000},
	Date-Modified = {2016-09-07 23:21:01 +0000},
	Edition = {12e dr.},
	Isbn = {9789023228912},
	Publisher = {Van Gorcum},
	Title = {Methodologie : grondslagen van onderzoek en denken in de gedragswetenschappen},
	Year = {1994}}

@book{groot1961,
	Author = {{de Groot}, A. D.},
	Date-Added = {2016-09-07 23:21:01 +0000},
	Date-Modified = {2016-09-07 23:21:01 +0000},
	Journal = {Mouton \&amp; Co., l96l},
	Publisher = {Mouton Co.},
	Title = {Methodologie},
	Year = {1961}}

@article{platt1964strong,
	Author = {Platt, John R},
	Date-Added = {2016-09-07 23:21:01 +0000},
	Date-Modified = {2016-09-07 23:21:01 +0000},
	Journal = {science},
	Number = {3642},
	Pages = {347--353},
	Title = {Strong inference},
	Volume = {146},
	Year = {1964}}

@book{xie2015,
	Address = {Boca Raton, Florida},
	Author = {Yihui Xie},
	Edition = {2nd},
	Note = {ISBN 978-1498716963},
	Publisher = {Chapman and Hall/CRC},
	Title = {Dynamic Documents with {R} and knitr},
	Url = {http://yihui.name/knitr/},
	Year = {2015},
	Bdsk-Url-1 = {http://yihui.name/knitr/}}
